[gd_scene load_steps=42 format=2]

[ext_resource path="res://shader/ao-spec-difuse.shader" type="Shader" id=1]
[ext_resource path="res://ships/modules/ShipCamera.tscn" type="PackedScene" id=2]
[ext_resource path="res://sfx/spark_noise.png" type="Texture" id=3]
[ext_resource path="res://ships/shipHull.phymat" type="PhysicsMaterial" id=4]
[ext_resource path="res://ships/modules/MineralProcessingUnit_FAB.tscn" type="PackedScene" id=5]
[ext_resource path="res://ships/modules/Excavator.tscn" type="PackedScene" id=6]
[ext_resource path="res://ships/AI.tscn" type="PackedScene" id=7]
[ext_resource path="res://debug/AIdebug.tscn" type="PackedScene" id=8]
[ext_resource path="res://ships/modules/ReactionWheel.tscn" type="PackedScene" id=9]
[ext_resource path="res://ships/Lifepod.tscn" type="PackedScene" id=10]
[ext_resource path="res://ships/modules/AuxSlot.tscn" type="PackedScene" id=11]
[ext_resource path="res://hud/Hud.tscn" type="PackedScene" id=12]
[ext_resource path="res://ships/ship-ctrl.gd" type="Script" id=13]
[ext_resource path="res://ships/CabinLight.gd" type="Script" id=14]
[ext_resource path="res://lights/distant-proxy.png" type="Texture" id=15]
[ext_resource path="res://hud/alert.wav" type="AudioStream" id=16]
[ext_resource path="res://sfx/dv-plume.wav" type="AudioStream" id=17]
[ext_resource path="res://ships/metal_creak_01.wav" type="AudioStream" id=18]
[ext_resource path="res://ships/metal_impact_01.wav" type="AudioStream" id=19]
[ext_resource path="res://ships/modules/CargoBaffles.tscn" type="PackedScene" id=20]
[ext_resource path="res://ships/cothon-m.png" type="Texture" id=21]
[ext_resource path="res://hud/collect.wav" type="AudioStream" id=22]
[ext_resource path="res://ships/cothon-cl.png" type="Texture" id=23]
[ext_resource path="res://ships/cothon-cd.png" type="Texture" id=24]
[ext_resource path="res://ships/cothon-n.png" type="Texture" id=25]
[ext_resource path="res://ships/cothon-mask.png" type="Texture" id=26]
[ext_resource path="res://lights/spotlight.png" type="Texture" id=27]
[ext_resource path="res://ships/electric_arc.wav" type="AudioStream" id=28]
[ext_resource path="res://tools/Placeholder.gd" type="Script" id=30]
[ext_resource path="res://ships/Hull.gd" type="Script" id=31]
[ext_resource path="res://shader/blendWithMask.shader" type="Shader" id=33]
[ext_resource path="res://ships/matchParent.gd" type="Script" id=34]
[ext_resource path="res://ships/modules/NuclearReactor.tscn" type="PackedScene" id=35]

[sub_resource type="ShaderMaterial" id=1]
shader = ExtResource( 1 )
shader_param/maskScale = Vector2( 12, 1 )
shader_param/frames = Vector2( 1, 1 )
shader_param/paintJobFactor = 0.0
shader_param/paintJobBrightAdjust = 16.0
shader_param/maxval = 5.0
shader_param/sparkBias = 0.0
shader_param/scale = Vector2( 1, 0.5 )
shader_param/sparkColor = Vector3( 50, 10, 100 )
shader_param/coatColor = Vector3( 0.02, 0.02, 0.02 )
shader_param/sparkSpeed = Plane( 0.011, 0.013, 0.017, 0.019 )
shader_param/ref = 0.1
shader_param/roughness = 0.5
shader_param/reflectiveness = 0.25
shader_param/shine = 1.0
shader_param/mask = ExtResource( 26 )
shader_param/charges = ExtResource( 3 )
shader_param/map = ExtResource( 21 )

[sub_resource type="ShaderMaterial" id=2]
shader = ExtResource( 1 )
shader_param/maskScale = Vector2( 12, 1 )
shader_param/frames = Vector2( 1, 1 )
shader_param/paintJobFactor = 0.0
shader_param/paintJobBrightAdjust = 16.0
shader_param/maxval = 5.0
shader_param/sparkBias = 0.0
shader_param/scale = Vector2( 1, 0.5 )
shader_param/sparkColor = Vector3( 50, 10, 100 )
shader_param/coatColor = Vector3( 0.02, 0.02, 0.02 )
shader_param/sparkSpeed = Plane( 0.011, 0.013, 0.017, 0.019 )
shader_param/ref = 0.1
shader_param/roughness = 0.5
shader_param/reflectiveness = 0.25
shader_param/shine = 1.0
shader_param/charges = ExtResource( 3 )
shader_param/map = ExtResource( 21 )

[sub_resource type="CanvasItemMaterial" id=3]
blend_mode = 1

[sub_resource type="ShaderMaterial" id=4]
shader = ExtResource( 1 )
shader_param/maskScale = Vector2( 11, 1 )
shader_param/frames = Vector2( 1, 1 )
shader_param/paintJobFactor = 0.0
shader_param/paintJobBrightAdjust = 16.0
shader_param/maxval = 5.0
shader_param/sparkBias = 0.0
shader_param/scale = Vector2( 0.5, 1 )
shader_param/sparkColor = Vector3( 50, 10, 100 )
shader_param/coatColor = Plane( 0.02, 0.02, 0.02, 1 )
shader_param/sparkSpeed = Plane( 0.011, 0.013, 0.017, 0.019 )
shader_param/ref = 0.4
shader_param/roughness = 4.0
shader_param/reflectiveness = 8.0
shader_param/shine = 1.0

[sub_resource type="Animation" id=5]
tracks/0/type = "value"
tracks/0/path = NodePath(".:modulate")
tracks/0/interp = 1
tracks/0/loop_wrap = true
tracks/0/imported = false
tracks/0/enabled = true
tracks/0/keys = {
"times": PoolRealArray( 0, 1 ),
"transitions": PoolRealArray( 1, 1 ),
"update": 0,
"values": [ Color( 1, 1, 1, 0 ), Color( 1, 1, 1, 1 ) ]
}

[sub_resource type="CapsuleShape2D" id=6]
radius = 156.0
height = 300.0

[sub_resource type="CapsuleShape2D" id=7]
radius = 319.0
height = 600.0

[sub_resource type="ShaderMaterial" id=8]
shader = ExtResource( 33 )
shader_param/maskScale = Vector2( 12, 1 )
shader_param/mask = ExtResource( 26 )

[node name="Cothon" type="RigidBody2D" groups=[
"ships",
]]
position = Vector2( -1, -7 )
collision_layer = 530
collision_mask = 7
mass = 83.0
physics_material_override = ExtResource( 4 )
continuous_cd = 1
linear_damp = 0.0
angular_damp = 0.0
script = ExtResource( 13 )
__meta__ = {
"_edit_group_": true
}
shipName = "SHIP_HEAVY-COTHON"
shipType = "fission"
crew = 3
hullPrice = 169999
processedCargoCapacity = 21000
lifepod = ExtResource( 10 )
model = "HEAVY-COTHON"
autopilotRotationAssumption = 4.0
spriteHullPaths = PoolStringArray( "Hull", "UnderHull" )
dialogTree = NodePath("../Cothon/MinerConversation")
cargoHoldArea = Rect2( -59.8, -345.8, 119.6, 390 )
cargoHoldOffset = Vector2( 0, 105 )

[node name="Hull" type="Sprite" parent="."]
light_mask = 5
material = SubResource( 1 )
position = Vector2( 0, -16 )
scale = Vector2( 1.3, 1.3 )
z_index = 19
texture = ExtResource( 24 )
normal_map = ExtResource( 25 )
hframes = 12
frame = 1
region_rect = Rect2( 0, 160, 2816, 336 )
script = ExtResource( 31 )
hullCustomPaintFile = "user://custom-cothon-212.png"

[node name="UnderHull" type="Sprite" parent="."]
light_mask = 5
material = SubResource( 2 )
position = Vector2( 0, -16 )
scale = Vector2( 1.3, 1.3 )
texture = ExtResource( 24 )
normal_map = ExtResource( 25 )
hframes = 12
region_rect = Rect2( 0, 160, 2816, 336 )
script = ExtResource( 31 )
hullCustomPaintFile = "user://custom-cothon-212.png"

[node name="AudioSparks" type="AudioStreamPlayer" parent="."]
stream = ExtResource( 28 )
pitch_scale = 0.7
bus = "SFX"

[node name="Front Bumper" parent="." instance=ExtResource( 6 )]
position = Vector2( -1, -259 )

[node name="CabinLight" type="Sprite" parent="."]
material = SubResource( 3 )
position = Vector2( 0, -120 )
z_index = 20
region_rect = Rect2( 16, -48, 224, 128 )
script = ExtResource( 14 )
spotlightBrightness = 8.0

[node name="Light" type="Light2D" parent="CabinLight"]
light_mask = 7
position = Vector2( -45, -67 )
rotation = 0.356901
texture = ExtResource( 27 )
texture_scale = 24.0
energy = 16.0
range_height = 20.0
range_z_min = -4096
range_z_max = 4096
range_item_cull_mask = 31
shadow_enabled = true
shadow_gradient_length = 8.0
shadow_filter = 5
shadow_filter_smooth = 4.0
shadow_item_cull_mask = 3

[node name="ShipCamera" parent="." instance=ExtResource( 2 )]

[node name="Collider" type="CollisionPolygon2D" parent="."]
light_mask = 0
scale = Vector2( 1.3, 1.3 )
z_index = 50
polygon = PoolVector2Array( -110, -44, -110, -51, -68, -59, -51, -68, -51, -106, -57, -113, -57, -178, -28, -202, -23, -202, -14.6154, -213.077, -15, -201, -40, -178.462, -40, -28, -32, 4, -18, 30, 20, 30, 32, 4, 40, -29, 40, -180, 13.8462, -201.538, 13.8462, -213.846, 22, -201, 28, -201, 52, -180, 52, -68, 66, -59, 112, -50, 112, -44, 66, -36, 54, -28, 68, -18, 68, 56, 46, 66, 46, 147, 51, 154, 35, 171, -35, 172, -50, 155, -46, 147, -46, 66, -69, 56, -69, -15, -52, -28, -68, -36 )

[node name="CargoHoldArea" type="Area2D" parent="."]
visible = false
z_index = 50
gravity = 0.0
linear_damp = 0.0
angular_damp = 0.0
monitorable = false
collision_layer = 524288

[node name="CollisionPolygon2D" type="CollisionPolygon2D" parent="CargoHoldArea"]
scale = Vector2( 1.3, 1.3 )
polygon = PoolVector2Array( -8.46154, -236.154, 6.15385, -236.154, 16.9231, -215.385, 17, -202, 42, -182, 42, -29, 34, 5, 21, 33, -19, 33, -34, 4, -42, -28, -42, -182, -17, -202, -16.9231, -215.385 )

[node name="engine-main" parent="." instance_placeholder="res://ships/modules/TorchSlot.tscn"]
position = Vector2( 0, 252.2 )
command = "m"

[node name="thruster-bl" parent="." instance_placeholder="res://ships/modules/ThrusterSlot.tscn"]
position = Vector2( -139, -46 )
rotation = 0.785398
z_index = 15
command = ">rf"

[node name="thruster-br" parent="." instance_placeholder="res://ships/modules/ThrusterSlot.tscn"]
position = Vector2( 139, -47 )
rotation = -0.785398
z_index = 15
command = "<lf"

[node name="thruster-tr" parent="." instance_placeholder="res://ships/modules/ThrusterSlot.tscn"]
position = Vector2( 139, -69 )
rotation = -2.35619
z_index = 15
command = "<rb"

[node name="thruster-tl" parent="." instance_placeholder="res://ships/modules/ThrusterSlot.tscn"]
position = Vector2( -139, -69 )
rotation = 2.35619
z_index = 15
command = ">lb"

[node name="Alert" type="AudioStreamPlayer" parent="."]
stream = ExtResource( 16 )
volume_db = -5.0
bus = "SFX"

[node name="Collect" type="AudioStreamPlayer" parent="."]
stream = ExtResource( 22 )
volume_db = -5.0
bus = "SFX"

[node name="AudioImpact" type="AudioStreamPlayer" parent="."]
stream = ExtResource( 19 )
bus = "ShipBowels"

[node name="AudioFatigue" type="AudioStreamPlayer" parent="."]
stream = ExtResource( 18 )
bus = "ShipBowels"

[node name="AudioPlume" type="AudioStreamPlayer" parent="."]
stream = ExtResource( 17 )
bus = "ShipBowels"

[node name="Light2D" type="Light2D" parent="."]
visible = false
material = SubResource( 4 )
position = Vector2( -32, -238.33 )
editor_only = true
texture = ExtResource( 15 )
energy = 5.0
range_height = 50.0

[node name="Light2D2" type="Light2D" parent="."]
visible = false
position = Vector2( 348, -46.3298 )
editor_only = true
texture = ExtResource( 15 )
texture_scale = 4.0
energy = 2.0
range_height = 50.0

[node name="AnimationPlayer" type="AnimationPlayer" parent="."]
autoplay = "appear"
anims/appear = SubResource( 5 )

[node name="CargoBaffles" parent="." instance=ExtResource( 20 )]
position = Vector2( -1, -141 )
z_index = 50

[node name="LeftBaffle" parent="CargoBaffles" index="0"]
position = Vector2( -18, -97 )

[node name="CollisionPolygon2D" parent="CargoBaffles/LeftBaffle" index="0"]
polygon = PoolVector2Array( 0, 0, 44, 0, 44, 6, -5, 6 )

[node name="RightBaffle" parent="CargoBaffles" index="1"]
position = Vector2( 24, -97 )

[node name="CollisionPolygon2D" parent="CargoBaffles/RightBaffle" index="0"]
polygon = PoolVector2Array( -44, 0, 0, 0, 5, 6, -44, 6 )

[node name="LeftJoint" parent="CargoBaffles" index="2"]
position = Vector2( -47, -92 )

[node name="RightJoint" parent="CargoBaffles" index="3"]
position = Vector2( 51, -92 )

[node name="LeftSpring" parent="CargoBaffles" index="4"]
position = Vector2( -18, -97 )

[node name="RightSpring" parent="CargoBaffles" index="5"]
position = Vector2( 24, -98 )

[node name="MinerConversation" type="Node2D" parent="."]
script = ExtResource( 30 )
placeholder = "res://comms/conversation/MinerConversation.tscn"

[node name="AIdebug" parent="." instance=ExtResource( 8 )]
visible = false

[node name="MineralProcessingUnit" parent="." instance_placeholder="res://ships/modules/MineralProcessingUnit.tscn"]
visible = false
polygon = PoolVector2Array( -52, -80, -19, -36, -14, -12, -22, -4, -22, 12, -10, 24, 10, 24, 22, 12, 22, -4, 14, -12, 19, -36, 52, -78, 52, -38, 41, 6, 27, 39, -24, 39, -41, 7, -52, -37 )

[node name="MineralProcessingUnit_FSO" parent="." instance_placeholder="res://ships/modules/MineralProcessingUnit_FSO.tscn"]
visible = false
polygon = PoolVector2Array( -51, -106, -28, -84, -22, 12, -10, 24, 10, 24, 22, 12, 28, -84, 52, -107, 52, -38, 42, 6, 26, 39, -23, 39, -42, 6, -51, -37 )

[node name="MineralProcessingUnit_SMELT" parent="." instance_placeholder="res://ships/modules/MineralProcessingUnit_SMELT.tscn"]
visible = false
polygon = PoolVector2Array( -52, -81, -16, -60, -12, -28, -18, -22, -18, -4, -10, 4, 10, 4, 18, -4, 18, -22, 12, -28, 16, -60, 52, -79, 52, -38, 42, 5, 26, 39, -23, 39, -41, 6, -52, -37 )

[node name="MineralProcessingUnit_FAB" parent="." instance=ExtResource( 5 )]
visible = false
polygon = PoolVector2Array( -52, -104, 2, -50, 2, -18, -14, -18, -22, -9, -22, 12, -10, 24, 16, 24, 27, 12, 27, -50, 52, -179, 52, -38, 41, 5, 27, 39, -23, 39, -40, 7, -52, -37 )

[node name="AuxSlot" parent="." instance=ExtResource( 11 )]

[node name="WeaponSlot" parent="." instance_placeholder="res://weapons/WeaponSlot.tscn"]
position = Vector2( -38, -322 )
z_index = 18
toggleCommand = "ship_slot_main_toggle"

[node name="weapon-right" parent="." instance_placeholder="res://weapons/WeaponSlot.tscn"]
position = Vector2( 38, -322 )
z_index = 18
slot = "right"
toggleCommand = "ship_slot_2"

[node name="SYSTEM_REACTIONWHEEL" parent="." instance=ExtResource( 9 )]

[node name="AI" parent="." instance=ExtResource( 7 )]

[node name="CollisionShape2D" type="CollisionShape2D" parent="AI/CollisionArea" index="0"]
light_mask = 0
position = Vector2( 0, -24 )
shape = SubResource( 6 )

[node name="CollisionShape2D" type="CollisionShape2D" parent="AI/DangerArea" index="0"]
light_mask = 0
shape = SubResource( 7 )

[node name="Hud" parent="." instance=ExtResource( 12 )]
defaultHudType = "SYSTEM_HUD_HAL"

[node name="reactor" parent="." instance=ExtResource( 35 )]
self_modulate = Color( 0, 0, 0, 1 )
position = Vector2( 0, 141.7 )
scale = Vector2( 1.3, 1.3 )
z_index = 0
texture = ExtResource( 23 )
offset = Vector2( 0, -120 )
hframes = 12
region_enabled = false
region_rect = Rect2( 0, 348, 2816, 160 )
damageRodsThreshold = 1600.0
damageRodsCapacity = 64000.0
damageLeakThreshold = 100.0
damageLeakCapacity = 6400.0
damageTurbineCapacity = 64000.0
systemName = "SYSTEM_REACTOR_COTHON"

[node name="matchParent" type="Sprite" parent="reactor"]
light_mask = 0
material = SubResource( 8 )
position = Vector2( 0, -120 )
z_index = 20
texture = ExtResource( 23 )
hframes = 12
script = ExtResource( 34 )
[connection signal="body_entered" from="CargoHoldArea" to="." method="_on_CargoHoldArea_body_entered"]
[connection signal="body_exited" from="CargoHoldArea" to="." method="_on_CargoHoldArea_body_exited"]

[editable path="CargoBaffles"]

[editable path="AI"]
